<?xml version="1.0" encoding="UTF-8"?><collection xmlns="http://www.loc.gov/MARC21/slim"><record><leader>00556nam--2200181-i-4500</leader><controlfield tag="001">000023359</controlfield><controlfield tag="002">20161230</controlfield><controlfield tag="005">20161230201035</controlfield><controlfield tag="008">060222s1000------------r-----000-0-fre-d</controlfield><datafield ind1=" " ind2=" " tag="040"><subfield code="a">IFIN-HH</subfield></datafield><datafield ind1=" " ind2=" " tag="041"><subfield code="a">fre</subfield></datafield><datafield ind1=" " ind2=" " tag="080"><subfield code="a">539.1.078(043)</subfield></datafield><datafield ind1="1" ind2=" " tag="100"><subfield code="a">Hoffmann, Jean</subfield></datafield><datafield ind1="1" ind2="0" tag="245"><subfield code="a">Etude et realisation d'un conditionneur rapide pour la reduction des spectres nucleaires</subfield><subfield code="b">These</subfield><subfield code="c">Jean hoffmann</subfield></datafield><datafield ind1=" " ind2=" " tag="260"><subfield code="a">Strasbourg</subfield><subfield code="b">L`Universite Louis Pasteur De Strasbourg</subfield><subfield code="c">1972</subfield></datafield><datafield ind1=" " ind2=" " tag="300"><subfield code="a">64P</subfield></datafield><datafield ind1=" " ind2=" " tag="852"><subfield code="a">40340</subfield><subfield code="c">539.1.07:539.1.08</subfield></datafield><datafield ind1=" " ind2=" " tag="CAT"><subfield code="a">Sys</subfield><subfield code="c">20111026</subfield><subfield code="h">100031</subfield></datafield></record></collection>